@ARTICLE{2010_1,
	author = {\textbf{{Sajadian}}, \textbf{Sedighe} and {Rahvar}, Sohrab},
	title = "{Illuminating hot Jupiters in caustic crossing}",
	journal = {\mnras},
	keywords = {gravitational lensing: micro, planetary systems, Astrophysics - Earth and Planetary Astrophysics},
	year = 2010,
	month = sep,
	volume = {407},
	number = {1},
	pages = {373-380},
	doi = {10.1111/j.1365-2966.2010.16901.x},
	archivePrefix = {arXiv},
	eprint = {1004.3907},
	primaryClass = {astro-ph.EP},
	adsurl = {https://ui.adsabs.harvard.edu/abs/2010MNRAS.407..373S},
	adsnote = {Provided by the SAO/NASA Astrophysics Data System}
}
@ARTICLE{2012_1,
	author = {\textbf{{Sajadian}}, \textbf{Sedighe} and {Rahvar}, Sohrab},
	title = "{Simulation of a strategy for the pixel lensing of M87 using the Hubble Space Telescope}",
	journal = {\mnras},
	keywords = {gravitational lensing: micro, galaxies: individual: M87, dark matter, Astrophysics - Astrophysics of Galaxies, Astrophysics - Cosmology and Nongalactic Astrophysics},
	year = 2012,
	month = jan,
	volume = {419},
	number = {1},
	pages = {124-131},
	doi = {10.1111/j.1365-2966.2011.19671.x},
	archivePrefix = {arXiv},
	eprint = {1108.4187},
	primaryClass = {astro-ph.GA},
	adsurl = {https://ui.adsabs.harvard.edu/abs/2012MNRAS.419..124S},
	adsnote = {Provided by the SAO/NASA Astrophysics Data System}
}

@ARTICLE{2014_1,
	author = {\textbf{{Sajadian}}, \textbf{Sedighe} },
	title = "{Orbital motion effects in astrometric microlensing}",
	journal = {\mnras},
	keywords = {gravitational lensing: micro, astrometry, Astrophysics - Instrumentation and Methods for Astrophysics, Astrophysics - Astrophysics of Galaxies},
	year = 2014,
	month = apr,
	volume = {439},
	number = {3},
	pages = {3007-3015},
	doi = {10.1093/mnras/stu158},
	archivePrefix = {arXiv},
	eprint = {1401.6416},
	primaryClass = {astro-ph.IM},
	adsurl = {https://ui.adsabs.harvard.edu/abs/2014MNRAS.439.3007S},
	adsnote = {Provided by the SAO/NASA Astrophysics Data System}
}
@ARTICLE{2015_1,
	author = {\textbf{{Sajadian}}, \textbf{Sedighe} },
	title = "{Binary Astrometric Microlensing with Gaia}",
	journal = {\aj},
	keywords = {astrometry, binaries: general, gravitational lensing: micro, methods: numerical, Astrophysics - Solar and Stellar Astrophysics, Astrophysics - Cosmology and Nongalactic Astrophysics, Astrophysics - Astrophysics of Galaxies},
	year = 2015,
	month = apr,
	volume = {149},
	number = {4},
	eid = {147},
	pages = {147},
	doi = {10.1088/0004-6256/149/4/147},
	archivePrefix = {arXiv},
	eprint = {1504.02932},
	primaryClass = {astro-ph.SR},
	adsurl = {https://ui.adsabs.harvard.edu/abs/2015AJ....149..147S},
	adsnote = {Provided by the SAO/NASA Astrophysics Data System}
}
@ARTICLE{2015_2,
	author = {\textbf{{Sajadian}}, \textbf{Sedighe} and {Rahvar}, Sohrab},
	title = "{Photometric, astrometric and polarimetric observations of gravitational microlensing events}",
	journal = {\mnras},
	keywords = {gravitational lensing: micro, techniques: polarimetric, astrometry, Astrophysics - Solar and Stellar Astrophysics, Astrophysics - Astrophysics of Galaxies},
	year = 2015,
	month = sep,
	volume = {452},
	number = {3},
	pages = {2579-2586},
	doi = {10.1093/mnras/stu1875},
	archivePrefix = {arXiv},
	eprint = {1409.2653},
	primaryClass = {astro-ph.SR},
	adsurl = {https://ui.adsabs.harvard.edu/abs/2015MNRAS.452.2579S},
	adsnote = {Provided by the SAO/NASA Astrophysics Data System}
}
@ARTICLE{2015_3,
	author = {\textbf{{Sajadian}}, \textbf{Sedighe} },
	title = "{Detecting stellar spots through polarimetric observations of microlensing events in caustic-crossing}",
	journal = {\mnras},
	keywords = {gravitational lensing: micro, techniques: polarimetric, stars: magnetic field, Astrophysics - Solar and Stellar Astrophysics, Astrophysics - Cosmology and Nongalactic Astrophysics},
	year = 2015,
	month = sep,
	volume = {452},
	number = {3},
	pages = {2587-2596},
	doi = {10.1093/mnras/stv1349},
	archivePrefix = {arXiv},
	eprint = {1506.08359},
	primaryClass = {astro-ph.SR},
	adsurl = {https://ui.adsabs.harvard.edu/abs/2015MNRAS.452.2587S},
	adsnote = {Provided by the SAO/NASA Astrophysics Data System}
}

@ARTICLE{2015_4,
	author = {\textbf{{Sajadian}}, \textbf{Sedighe} and {Rahvar}, Sohrab},
	title = "{Polarimetric microlensing of circumstellar discs}",
	journal = {\mnras},
	keywords = {gravitational lensing: micro, techniques: polarimetric, circumstellar matter, Astrophysics - Solar and Stellar Astrophysics},
	year = 2015,
	month = dec,
	volume = {454},
	number = {4},
	pages = {4429-4439},
	doi = {10.1093/mnras/stv2297},
	archivePrefix = {arXiv},
	eprint = {1510.01856},
	primaryClass = {astro-ph.SR},
	adsurl = {https://ui.adsabs.harvard.edu/abs/2015MNRAS.454.4429S},
	adsnote = {Provided by the SAO/NASA Astrophysics Data System}
}
@ARTICLE{2016_1,
	author = {\textbf{{Sajadian}}, \textbf{Sedighe} and {Rahvar}, Sohrab and {Dominik}, Martin and {Hundertmark}, Markus},
	title = "{The advantages of using a Lucky Imaging camera for observations of microlensing events}",
	journal = {\mnras},
	keywords = {gravitational lensing: micro, instrumentation: high angular resolution, methods: numerical, planets and satellites: detection, Astrophysics - Instrumentation and Methods for Astrophysics, Astrophysics - Earth and Planetary Astrophysics},
	year = 2016,
	month = may,
	volume = {458},
	number = {3},
	pages = {3248-3259},
	doi = {10.1093/mnras/stw526},
	archivePrefix = {arXiv},
	eprint = {1603.00729},
	primaryClass = {astro-ph.IM},
	adsurl = {https://ui.adsabs.harvard.edu/abs/2016MNRAS.458.3248S},
	adsnote = {Provided by the SAO/NASA Astrophysics Data System}
}

@ARTICLE{2016_2,
	author = {\textbf{{Sajadian}}, \textbf{Sedighe}},
	title = "{Stellar Rotation Effects in Polarimetric Microlensing}",
	journal = {\apj},
	keywords = {gravitational lensing: micro, methods: numerical, polarization, stars: luminosity function, mass function, stars: rotation, techniques: polarimetric, Astrophysics - Solar and Stellar Astrophysics},
	year = 2016,
	month = jul,
	volume = {825},
	number = {2},
	eid = {152},
	pages = {152},
	doi = {10.3847/0004-637X/825/2/152},
	archivePrefix = {arXiv},
	eprint = {1605.07741},
	primaryClass = {astro-ph.SR},
	adsurl = {https://ui.adsabs.harvard.edu/abs/2016ApJ...825..152S},
	adsnote = {Provided by the SAO/NASA Astrophysics Data System}
}

@ARTICLE{2017_1,
	author = {{Moniez}, M. and \textbf{{Sajadian}}, \textbf{S.} and {Karami}, M. and {Rahvar}, S. and {Ansari}, R.},
	title = "{Understanding EROS2 observations toward the spiral arms within a classical Galactic model framework}",
	journal = {\aap},
	keywords = {gravitational lensing: micro, Galaxy: structure, Galaxy: kinematics and dynamics, Galaxy: disk, dark matter, stars: luminosity function, mass function, Astrophysics - Astrophysics of Galaxies},
	year = 2017,
	month = aug,
	volume = {604},
	eid = {A124},
	pages = {A124},
	doi = {10.1051/0004-6361/201730488},
	archivePrefix = {arXiv},
	eprint = {1701.07006},
	primaryClass = {astro-ph.GA},
	adsurl = {https://ui.adsabs.harvard.edu/abs/2017A&A...604A.124M},
	adsnote = {Provided by the SAO/NASA Astrophysics Data System}
}

@ARTICLE{2017_2,
	author = {\textbf{{Sajadian}}, \textbf{Sedighe} and {Hundertmark}, Markus},
	title = "{Polarimetry Microlensing of Close-in Planetary Systems}",
	journal = {\apj},
	keywords = {gravitational lensing: micro, planetary systems, techniques: polarimetric, Astrophysics - Earth and Planetary Astrophysics},
	year = 2017,
	month = apr,
	volume = {838},
	number = {2},
	eid = {157},
	pages = {157},
	doi = {10.3847/1538-4357/aa67e1},
	archivePrefix = {arXiv},
	eprint = {1704.01846},
	primaryClass = {astro-ph.EP},
	adsurl = {https://ui.adsabs.harvard.edu/abs/2017ApJ...838..157S},
	adsnote = {Provided by the SAO/NASA Astrophysics Data System}
}

@ARTICLE{2018_1,
	author = {{Ryu}, Y. -H. and {Yee}, J.~C. and {Udalski}, A. and {Bond}, I.~A. and {Shvartzvald}, Y. and {Zang}, W. and {Figuera Jaimes}, R. and {J{\o}rgensen}, U.~G. and {Zhu}, W. and {Huang}, C.~X. and {Jung}, Y.~K. and {Albrow}, M.~D. and {Chung}, S. -J. and {Gould}, A. and {Han}, C. and {Hwang}, K. -H. and {Shin}, I. -G. and {Cha}, S. -M. and {Kim}, D. -J. and {Kim}, H. -W. and {Kim}, S. -L. and {Lee}, C. -U. and {Lee}, D. -J. and {Lee}, Y. and {Park}, B. -G. and {Pogge}, R.~W. and {KMTNet Collaboration} and {Calchi Novati}, S. and {Carey}, S. and {Henderson}, C.~B. and {Beichman}, C. and {Gaudi}, B.~S. and {Spitzer Team} and {Mr{\'o}z}, P. and {Poleski}, R. and {Skowron}, J. and {Szyma{\'n}ski}, M.~K. and {Soszy{\'n}ski}, I. and {Koz{\l}owski}, S. and {Pietrukowicz}, P. and {Ulaczyk}, K. and {Pawlak}, M. and {OGLE Collaboration} and {Abe}, F. and {Asakura}, Y. and {Barry}, R. and {Bennett}, D.~P. and {Bhattacharya}, A. and {Donachie}, M. and {Evans}, P. and {Fukui}, A. and {Hirao}, Y. and {Itow}, Y. and {Kawasaki}, K. and {Koshimoto}, N. and {Li}, M.~C.~A. and {Ling}, C.~H. and {Masuda}, K. and {Matsubara}, Y. and {Miyazaki}, S. and {Muraki}, Y. and {Nagakane}, M. and {Ohnishi}, K. and {Ranc}, C. and {Rattenbury}, N.~J. and {Saito}, To. and {Sharan}, A. and {Sullivan}, D.~J. and {Sumi}, T. and {Suzuki}, D. and {Tristram}, P.~J. and {Yamada}, T. and {Yamada}, T. and {Yonehara}, A. and {MOA Collaboration} and {Bryden}, G. and {Howell}, S.~B. and {Jacklin}, S. and {UKIRT Microlensing Team} and {Penny}, M.~T. and {Mao}, S. and {Fouqu{\'e}}, Pascal and {Wang}, T. and {CFHT-K2C9 Microlensing Survey Group} and {Street}, R.~A. and {Tsapras}, Y. and {Hundertmark}, M. and {Bachelet}, E. and {Dominik}, M. and {Li}, Z. and {Cross}, S. and {Cassan}, A. and {Horne}, K. and {Schmidt}, R. and {Wambsganss}, J. and {Ment}, S.~K. and {Maoz}, D. and {Snodgrass}, C. and {Steele}, I.~A. and {RoboNet Team} and {Bozza}, V. and {Burgdorf}, M.~J. and {Ciceri}, S. and {DAgo}, G. and {Evans}, D.~F. and {Hinse}, T.~C. and {Kerins}, E. and {Kokotanekova}, R. and {Longa}, P. and {MacKenzie}, J. and {Popovas}, A. and {Rabus}, M. and {Rahvar}, S. and \textbf{{Sajadian}}, \textbf{S.} and {Skottfelt}, J. and {Southworth}, J. and {von Essen}, C. and {MiNDSTEp Team}},
	title = "{OGLE-2016-BLG-1190Lb: The First Spitzer Bulge Planet Lies Near the Planet/Brown-dwarf Boundary}",
	journal = {\aj},
	keywords = {gravitational lensing: micro, Astrophysics - Earth and Planetary Astrophysics},
	year = 2018,
	month = jan,
	volume = {155},
	number = {1},
	eid = {40},
	pages = {40},
	doi = {10.3847/1538-3881/aa9be4},
	archivePrefix = {arXiv},
	eprint = {1710.09974},
	primaryClass = {astro-ph.EP},
	adsurl = {https://ui.adsabs.harvard.edu/abs/2018AJ....155...40R},
	adsnote = {Provided by the SAO/NASA Astrophysics Data System}
}

@ARTICLE{2018_2,
	author = {{Han}, C. and {Calchi Novati}, S. and {Udalski}, A. and {Lee}, C. -U. and {Gould}, A. and {Bozza}, V. and {Mr{\'o}z}, P. and {Pietrukowicz}, P. and {Skowron}, J. and {Szyma{\'n}ski}, M.~K. and {Poleski}, R. and {Soszy{\'n}ski}, I. and {Koz{\l}owski}, S. and {Ulaczyk}, K. and {Pawlak}, M. and {Rybicki}, K. and {Iwanek}, P. and {OGLE Collaboration} and {Albrow}, M.~D. and {Chung}, S. -J. and {Hwang}, K. -H. and {Jung}, Y.~K. and {Ryu}, Y. -H. and {Shin}, I. -G. and {Shvartzvald}, Y. and {Yee}, J.~C. and {Zang}, W. and {Zhu}, W. and {Cha}, S. -M. and {Kim}, D. -J. and {Kim}, H. -W. and {Kim}, S. -L. and {Lee}, D. -J. and {Lee}, Y. and {Park}, B. -G. and {Pogge}, R.~W. and {Kim}, W. -T. and {KMTNet Collaboration} and {Beichman}, C. and {Bryden}, G. and {Carey}, S. and {Gaudi}, B.~S. and {Henderson}, C.~B. and {Spitzer Team} and {Dominik}, M. and {Helling}, C. and {Hundertmark}, M. and {J{\o}rgensen}, U.~G. and {Longa-Pe{\~n}a}, P. and {Lowry}, S. and \textbf{{Sajadian}}, \textbf{S.} and {Burgdorf}, M.~J. and {Campbell-White}, J. and {Ciceri}, S. and {Evans}, D.~F. and {Haikala}, L.~K. and {Hinse}, T.~C. and {Rahvar}, S. and {Rabus}, M. and {Snodgrass}, C. and {MiNDSTEp Collaboration}},
	title = "{OGLE-2017-BLG-0329L: A Microlensing Binary Characterized with Dramatically Enhanced Precision Using Data from Space-based Observations}",
	journal = {\apj},
	keywords = {binaries: general, gravitational lensing: micro, Astrophysics - Solar and Stellar Astrophysics},
	year = 2018,
	month = jun,
	volume = {859},
	number = {2},
	eid = {82},
	pages = {82},
	doi = {10.3847/1538-4357/aabd87},
	archivePrefix = {arXiv},
	eprint = {1802.10196},
	primaryClass = {astro-ph.SR},
	adsurl = {https://ui.adsabs.harvard.edu/abs/2018ApJ...859...82H},
	adsnote = {Provided by the SAO/NASA Astrophysics Data System}
}

@ARTICLE{2018_3,
	author = {{Udalski}, A. and {Ryu}, Y. -H. and \textbf{{Sajadian}}, \textbf{S.} and {Gould}, A. and {Mr{\'o}z}, P. and {Poleski}, R. and {Szyma{\'n}ski}, M.~K. and {Skowron}, J. and {Soszy{\'n}ski}, I. and {Koz{\l}owski}, S. and {Pietrukowicz}, P. and {Ulaczyk}, K. and {Pawlak}, M. and {Rybicki}, K. and {Iwanek}, P. and {Albrow}, M.~D. and {Chung}, S. -J. and {Han}, C. and {Hwang}, K. -H. and {Jung}, Y., K. and {Shin}, I. -G. and {Shvartzvald}, Y. and {Yee}, J.~C. and {Zang}, W. and {Zhu}, W. and {Cha}, S. -M. and {Kim}, D. -J. and {Kim}, H. -W. and {Kim}, S. -L. and {Lee}, C. -U. and {Lee}, D. -J. and {Lee}, Y. and {Park}, B. -G. and {Pogge}, R.~W. and {Bozza}, V. and {Dominik}, M. and {Helling}, C. and {Hundertmark}, M. and {J{\o}rgensen}, U.~G. and {Longa-Pe{\~n}a}, P. and {Lowry}, S. and {Burgdorf}, M. and {Campbell-White}, J. and {Ciceri}, S. and {Evans}, D. and {Figuera Jaimes}, R. and {Fujii}, Y.~I. and {Haikala}, L.~K. and {Henning}, T. and {Hinse}, T.~C. and {Mancini}, L. and {Peixinho}, N. and {Rahvar}, S. and {Rabus}, M. and {Skottfelt}, J. and {Snodgrass}, C. and {Southworth}, J. and {von Essen}, C.},
	title = "{OGLE-2017-BLG-1434Lb: Eighth q<1 10$^{-4}$ Mass-Ratio Microlens Planet Confirms Turnover in Planet Mass-Ratio Function}",
	journal = {\actaa},
	keywords = {Gravitational lensing: micro - Planetary systems, Astrophysics - Earth and Planetary Astrophysics},
	year = 2018,
	month = mar,
	volume = {68},
	number = {1},
	pages = {1-42},
	doi = {10.32023/0001-5237/68.1.1},
	archivePrefix = {arXiv},
	eprint = {1802.02582},
	primaryClass = {astro-ph.EP},
	adsurl = {https://ui.adsabs.harvard.edu/abs/2018AcA....68....1U},
	adsnote = {Provided by the SAO/NASA Astrophysics Data System}
}

@ARTICLE{2018_4,
	author = {{Evans}, D.~F. and {Southworth}, J. and {Smalley}, B. and {J{\o}rgensen}, U.~G. and {Dominik}, M. and {Andersen}, M.~I. and {Bozza}, V. and {Bramich}, D.~M. and {Burgdorf}, M.~J. and {Ciceri}, S. and {DAgo}, G. and {Figuera Jaimes}, R. and {Gu}, S. -H. and {Hinse}, T.~C. and {Henning}, Th. and {Hundertmark}, M. and {Kains}, N. and {Kerins}, E. and {Korhonen}, H. and {Kokotanekova}, R. and {Kuffmeier}, M. and {Longa-Pe{\~n}a}, P. and {Mancini}, L. and {MacKenzie}, J. and {Popovas}, A. and {Rabus}, M. and {Rahvar}, S. and \textbf{{Sajadian}}, \textbf{S.} and {Snodgrass}, C. and {Skottfelt}, J. and {Surdej}, J. and {Tronsgaard}, R. and {Unda-Sanzana}, E. and {von Essen}, C. and {Wang}, Yi-Bo and {Wertz}, O.},
	title = "{High-resolution Imaging of Transiting Extrasolar Planetary systems (HITEP). II. Lucky Imaging results from 2015 and 2016}",
	journal = {\aap},
	keywords = {planets and satellites: dynamical evolution and stability, planets and satellites: formation, techniques: high angular resolution, binaries: visual, Astrophysics - Earth and Planetary Astrophysics, Astrophysics - Instrumentation and Methods for Astrophysics, Astrophysics - Solar and Stellar Astrophysics},
	year = 2018,
	month = feb,
	volume = {610},
	eid = {A20},
	pages = {A20},
	doi = {10.1051/0004-6361/201731855},
	archivePrefix = {arXiv},
	eprint = {1709.07476},
	primaryClass = {astro-ph.EP},
	adsurl = {https://ui.adsabs.harvard.edu/abs/2018A&A...610A..20E},
	adsnote = {Provided by the SAO/NASA Astrophysics Data System}
}

@ARTICLE{2019_1,
	author = {\textbf{{Sajadian}}, \textbf{Sedighe} and {Poleski}, Rados{\l}aw},
	title = "{Predictions for the Detection and Characterization of Galactic Disk Microlensing Events by LSST}",
	journal = {\apj},
	keywords = {Galaxy: structure, gravitational lensing: micro, methods: numerical, planets and satellites: detection, surveys, telescopes, Astrophysics - Instrumentation and Methods for Astrophysics},
	year = 2019,
	month = feb,
	volume = {871},
	number = {2},
	eid = {205},
	pages = {205},
	doi = {10.3847/1538-4357/aafa1d},
	archivePrefix = {arXiv},
	eprint = {1806.06372},
	primaryClass = {astro-ph.IM},
	adsurl = {https://ui.adsabs.harvard.edu/abs/2019ApJ...871..205S},
	adsnote = {Provided by the SAO/NASA Astrophysics Data System}
}

@ARTICLE{2019_2,
	author = {\textbf{{Sajadian}}, \textbf{Sedighe} and {Adami}, Banafshe and {Mohama}, MohammadReza},
	title = "{Review on data reduction process of microlensing events}",
	journal = {\ijpr},
	keywords = {Reduction  astrometric data, microlensing},
	year = 2019,
	month = feb,
	volume = {19},
	number = {4},
	eid = {815},
	pages = {815},
	doi = {10.47176/ijpr.19.4.27882}, 
	adsurl = {https://ijpr.iut.ac.ir/article_1589.html},
}


@ARTICLE{2019_3,
	author = {{Shvartzvald}, Yossi and {Yee}, Jennifer C. and {Skowron}, Jan and {Lee}, Chung-Uk and {Udalski}, Andrzej and {Calchi Novati}, Sebastiano and {Bozza}, Valerio and {Beichman}, Charles A. and {Bryden}, Geoffery and {Carey}, Sean and {Gaudi}, B. Scott and {Henderson}, Calen B. and {Zhu}, Wei and {Spitzer Team} and {Bachelet}, Etienne and {Bolt}, Greg and {Christie}, Grant and {Maoz}, Dan and {Natusch}, Tim and {Pogge}, Richard W. and {Street}, Rachel A. and {Tan}, Thiam-Guan and {Tsapras}, Yiannis  and {Pietrukowicz}, Pawe{\l} and {Soszy{\'n}ski}, Igor and {Szyma{\'n}ski}, Micha{\l} K. and {Mr{\'o}z}, Przemek and {Poleski}, Radoslaw and {Koz{\l}owski}, Szymon and {Ulaczyk}, Krzysztof and {Pawlak}, Micha{\l} and {Rybicki}, Krzysztof A. and {Iwanek}, Patryk and {Albrow}, Michael D. and {Cha}, Sang-Mok and {Chung}, Sun-Ju and {Gould}, Andrew and {Han}, Cheongho and {Hwang}, Kyu-Ha and {Jung}, Youn Kil and {Kim}, Dong-Jin and {Kim}, Hyoun-Woo and {Kim}, Seung-Lee and {Lee}, Dong-Joo and {Lee}, Yongseok and {Park}, Byeong-Gon and {Ryu}, Yoon-Hyun and {Shin}, In-Gu and {Zang}, Weicheng and {Dominik}, Martin and {Helling}, Christiane and {Hundertmark}, Markus and {J{\o}rgensen}, Uffe G. and {Longa-Pe{\~n}a}, Penelope and {Lowry}, Stephen and \textbf{{Sajadian}}, \textbf{Sedighe} and {Burgdorf}, Martin J. and {Campbell-White}, Justyn and {Ciceri}, Simona and {Evans}, Daniel F. and {Fujii}, Yuri I. and {Hinse}, Tobias C. and {Rahvar}, Sohrab and {Rabus}, Markus and {Skottfelt}, Jesper and {Snodgrass}, Colin and {Southworth}, John},
	title = "{Spitzer  Microlensing Parallax for OGLE-2017-BLG-0896 Reveals a Counter-rotating Low-mass Brown Dwarf}",
	journal = {\aj},
	keywords = {Galaxy: bulge, gravitational lensing: micro, Astrophysics - Solar and Stellar Astrophysics},
	year = 2019,
	month = mar,
	volume = {157},
	number = {3},
	eid = {106},
	pages = {106},
	doi = {10.3847/1538-3881/aafe12},
	archivePrefix = {arXiv},
	eprint = {1805.08778},
	primaryClass = {astro-ph.SR},
	adsurl = {https://ui.adsabs.harvard.edu/abs/2019AJ....157..106S},
	adsnote = {Provided by the SAO/NASA Astrophysics Data System}
}

@ARTICLE{2019_4,
	author = {{Street}, R.~A. and {Bachelet}, E. and {Tsapras}, Y. and {Hundertmark}, M.~P.~G. and {Bozza}, V. and {Dominik}, M. and {ROME/REA} and {MiNDSTEp Teams} and {ROME/REA Team} and {Bramich}, D.~M. and {Cassan}, A. and {Horne}, K. and {Mao}, S. and {Saha}, A. and {Wambsganss}, J. and {Zang}, Weicheng and {MiNDSTEp Team} and {J{\o}rgensen}, U.~G. and {Longa-Pe{\~n}a}, P. and {Peixinho}, N. and \textbf{{Sajadian}}, \textbf{S.} and {Burgdorf}, M.~J. and {Campbell-White}, J. and {Dib}, S. and {Evans}, D.~F. and {Fujii}, Y.~I. and {Hinse}, T.~C. and {Khalouei}, E. and {Lowry}, S. and {Rahvar}, S. and {Rabus}, M. and {Skottfelt}, J. and {Snodgrass}, C. and {Southworth}, J. and {Tregloan-Reed}, J.},
	title = "{OGLE-2018-BLG-0022: A Nearby M-dwarf Binary}",
	journal = {\aj},
	keywords = {binaries: general, gravitational lensing: micro, techniques: photometric, Astrophysics - Earth and Planetary Astrophysics},
	year = 2019,
	month = jun,
	volume = {157},
	number = {6},
	eid = {215},
	pages = {215},
	doi = {10.3847/1538-3881/ab1538},
	archivePrefix = {arXiv},
	eprint = {1903.08733},
	primaryClass = {astro-ph.EP},
	adsurl = {https://ui.adsabs.harvard.edu/abs/2019AJ....157..215S},
	adsnote = {Provided by the SAO/NASA Astrophysics Data System}
}

@ARTICLE{2019_5,
	author = {\textbf{{Sajadian}}, \textbf{Sedighe} },
	title = "{Polarization in caustic-crossing binary microlensing events}",
	journal = {\mnras},
	keywords = {gravitational lensing: micro, methods: numerical, techniques: polarimetric, Astrophysics - Instrumentation and Methods for Astrophysics},
	year = 2019,
	month = jul,
	volume = {487},
	number = {1},
	pages = {908-918},
	doi = {10.1093/mnras/stz1294},
	archivePrefix = {arXiv},
	eprint = {1905.02935},
	primaryClass = {astro-ph.IM},
	adsurl = {https://ui.adsabs.harvard.edu/abs/2019MNRAS.487..908S},
	adsnote = {Provided by the SAO/NASA Astrophysics Data System}
}

@ARTICLE{2019_6,
	author = {{Li}, S. -S. and {Zang}, W. and {Udalski}, A. and {Shvartzvald}, Y. and {Huber}, D. and {Lee}, C. -U. and {Sumi}, T. and {Gould}, A. and {Mao}, S. and {Fouqu{\'e}}, P. and {Wang}, T. and {Dong}, S. and {J{\o}rgensen}, U.~G. and {Cole}, A. and {Mr{\'o}z}, P. and {Szyma{\'n}ski}, M.~K. and {Skowron}, J. and {Poleski}, R. and {Soszy{\'n}ski}, I. and {Pietrukowicz}, P. and {Koz{\l}owski}, S. and {Ulaczyk}, K. and {Rybicki}, K.~A. and {Iwanek}, P. and {Yee}, J.~C. and {Calchi Novati}, S. and {Beichman}, C.~A. and {Bryden}, G. and {Carey}, S. and {Gaudi}, B.~S. and {Henderson}, C.~B. and {Zhu}, W. and {Albrow}, M.~D. and {Chung}, S. -J. and {Han}, C. and {Hwang}, K. -H. and {Jung}, Y.~K. and {Ryu}, Y. -H. and {Shin}, I. -G. and {Cha}, S. -M. and {Kim}, D. -J. and {Kim}, H. -W. and {Kim}, S. -L. and {Lee}, D. -J. and {Lee}, Y. and {Park}, B. -G. and {Pogge}, R.~W. and {Bond}, I.~A. and {Abe}, F. and {Barry}, R. and {Bennett}, D.~P. and {Bhattacharya}, A. and {Donachie}, M. and {Fukui}, A. and {Hirao}, Y. and {Itow}, Y. and {Kondo}, I. and {Koshimoto}, N. and {Li}, M.~C.~A. and {Matsubara}, Y. and {Muraki}, Y. and {Miyazaki}, S. and {Nagakane}, M. and {Ranc}, C. and {Rattenbury}, N.~J. and {Suematsu}, H. and {Sullivan}, D.~J. and {Suzuki}, D. and {Tristram}, P.~J. and {Yonehara}, A. and {Christie}, G. and {Drummond}, J. and {Green}, J. and {Hennerley}, S. and {Natusch}, T. and {Porritt}, I. and {Bachelet}, E. and {Maoz}, D. and {Street}, R.~A. and {Tsapras}, Y. and {Bozza}, V. and {Dominik}, M. and {Hundertmark}, M. and {Peixinho}, N. and \textbf{{Sajadian}}, \textbf{S.} and {Burgdorf}, M.~J. and {Evans}, D.~F. and {Figuera Jaimes}, R. and {Fujii}, Y.~I. and {Haikala}, L.~K. and {Helling}, C. and {Henning}, T. and {Hinse}, T.~C. and {Mancini}, L. and {Longa-Pe{\~n}a}, P. and {Rahvar}, S. and {Rabus}, M. and {Skottfelt}, J. and {Snodgrass}, C. and {Southworth}, J. and {Unda-Sanzana}, E. and {von Essen}, C. and {Beaulieu}, J. -P. and {Blackman}, J. and {Hill}, K.},
	title = "{OGLE-2017-BLG-1186: first application of asteroseismology and Gaussian processes to microlensing}",
	journal = {\mnras},
	keywords = {asteroseismology, gravitational lensing: micro, stars: fundamental parameters, stars: oscillations, Astrophysics - Solar and Stellar Astrophysics, Astrophysics - Earth and Planetary Astrophysics},
	year = 2019,
	month = sep,
	volume = {488},
	number = {3},
	pages = {3308-3323},
	doi = {10.1093/mnras/stz1873},
	archivePrefix = {arXiv},
	eprint = {1904.07718},
	primaryClass = {astro-ph.SR},
	adsurl = {https://ui.adsabs.harvard.edu/abs/2019MNRAS.488.3308L},
	adsnote = {Provided by the SAO/NASA Astrophysics Data System}
}

@ARTICLE{2020_1,
	author = {\textbf{{Sajadian}}, \textbf{Sedighe} and {Rahvar}, Sohrab},
	title = "{The effect of variation of stellar dispersion velocities by the galactic latitude in interpreting gravitational microlensing observations}",
	journal = {\ijpr},
	keywords = {Gravitational Microlensing, dispersion velocity, galactic latitude},
	year = 2019,
	month = Aug,
	volume = {19},
	number = {2},
	eid = {391},
	pages = {391},
	doi = {10.29252/ijpr.19.2.391},
	adsurl = {https://ijpr.iut.ac.ir/article_1448.html},
}


@ARTICLE{2020_2,
	author = {{Bagheri}, Fatemeh and \textbf{{Sajadian}}, \textbf{Sedighe} and {Rahvar}, Sohrab},
	title = "{Detection of exoplanet as a binary source of microlensing events in WFIRST survey}",
	journal = {\mnras},
	keywords = {gravitational lensing: micro, planets and satellites: detection, Astrophysics - Earth and Planetary Astrophysics},
	year = 2019,
	month = dec,
	volume = {490},
	number = {2},
	pages = {1581-1587},
	doi = {10.1093/mnras/stz2682},
	archivePrefix = {arXiv},
	eprint = {1909.11559},
	primaryClass = {astro-ph.EP},
	adsurl = {https://ui.adsabs.harvard.edu/abs/2019MNRAS.490.1581B},
	adsnote = {Provided by the SAO/NASA Astrophysics Data System}
}

@ARTICLE{2020_3,
	author = {{Southworth}, John and {Dominik}, M. and {J{\o}rgensen}, U.~G. and {Andersen}, M.~I. and {Bozza}, V. and {Burgdorf}, M.~J. and {DAgo}, G. and {Dib}, S. and {Figuera Jaimes}, R. and {Fujii}, Y.~I. and {Gill}, S. and {Haikala}, L.~K. and {Hinse}, T.~C. and {Hundertmark}, M. and {Khalouei}, E. and {Korhonen}, H. and {Longa-Pe{\~n}a}, P. and {Mancini}, L. and {Peixinho}, N. and {Rabus}, M. and {Rahvar}, S. and \textbf{{Sajadian}}, \textbf{S.} and {Skottfelt}, J. and {Snodgrass}, C. and {Spyratos}, P. and {Tregloan-Reed}, J. and {Unda-Sanzana}, E. and {von Essen}, C.},
	title = "{Transit timing variations in the WASP-4 planetary system}",
	journal = {\mnras},
	keywords = {stars: activity, stars: fundamental parameters, stars: individual: WASP-4, Astrophysics - Earth and Planetary Astrophysics},
	year = 2019,
	month = dec,
	volume = {490},
	number = {3},
	pages = {4230-4236},
	doi = {10.1093/mnras/stz2602},
	archivePrefix = {arXiv},
	eprint = {1907.08269},
	primaryClass = {astro-ph.EP},
	adsurl = {https://ui.adsabs.harvard.edu/abs/2019MNRAS.490.4230S},
	adsnote = {Provided by the SAO/NASA Astrophysics Data System}
}

@ARTICLE{2020_4,
	author = {{Zang}, Weicheng and {Shvartzvald}, Yossi and {Wang}, Tianshu and {Udalski}, Andrzej and {Lee}, Chung-Uk and {Sumi}, Takahiro and {Skottfelt}, Jesper and {Li}, Shun-Sheng and {Mao}, Shude and {Zhu}, Wei and {Yee}, Jennifer C. and {Calchi Novati}, Sebastiano and {Beichman}, Charles A. and {Bryden}, Geoffery and {Carey}, Sean and {Gaudi}, B. Scott and {Henderson}, Calen B. and {Spitzer Team} and {Mr{\'o}z}, Przemek and {Skowron}, Jan and {Poleski}, Radoslaw and {Szyma{\'n}ski}, Micha{\l} K. and {Soszy{\'n}ski}, Igor and {Pietrukowicz}, Pawe{\l} and {Koz{\l}owski}, Szymon and {Ulaczyk}, Krzysztof and {Rybicki}, Krzysztof A. and {Iwanek}, Patryk and {OGLE Collaboration} and {Bachelet}, Etienne and {Christie}, Grant and {Green}, Jonathan and {Hennerley}, Steve and {Maoz}, Dan and {Natusch}, Tim and {Pogge}, Richard W. and {Street}, Rachel A. and {Tsapras}, Yiannis and {LCO Follow-Up Team}and {Albrow}, Michael D. and {Chung}, Sun-Ju and {Gould}, Andrew and {Han}, Cheongho and {Hwang}, Kyu-Ha and {Jung}, Youn Kil and {Ryu}, Yoon-Hyun and {Shin}, In-Gu and {Cha}, Sang-Mok and {Kim}, Dong-Jin and {Kim}, Hyoun-Woo and {Kim}, Seung-Lee and {Lee}, Dong-Joo and {Lee}, Yongseok and {Park}, Byeong-Gon and {KMTNet Collaboration} and {Bond}, Ian A. and {Abe}, Fumio and {Barry}, Richard and {Bennett}, David P. and {Bhattacharya}, Aparna and {Donachie}, Martin and {Fukui}, Akihiko and {Hirao}, Yuki and {Itow}, Yoshitaka and {Kondo}, Iona and {Koshimoto}, Naoki and {Alex Li}, Man Cheung and {Matsubara}, Yutaka and {Muraki}, Yasushi and {Miyazaki}, Shota and {Nagakane}, Masayuki and {Ranc}, Cl{\'e}ment and {Rattenbury}, Nicholas J. and {Suematsu}, Haruno and {Sullivan}, Denis J. and {Suzuki}, Daisuke and {Tristram}, Paul J. and {Yonehara}, Atsunori and {MOA Collaboration} and {Dominik}, Martin and {Hundertmark}, Markus and {J{\o}rgensen}, Uffe G. and {Rahvar}, Sohrab and \textbf{{Sajadian}}, \textbf{Sedighe} and {Snodgrass}, Colin and {Bozza}, Valerio and {Burgdorf}, Martin J. and {Evans}, Daniel F. and {Figuera Jaimes}, R. and {Fujii}, Yuri I. and {Mancini}, Luigi and {Longa-Pe{\~n}a}, Penelope and {Helling}, Christiane and {Peixinho}, Nuno and {Rabus}, Markus and {Southworth}, John and {Unda-Sanzana}, Eduardo and {von Essen}, Carolina and {MiNDSTEp Collaboration}},
	title = "{Spitzer Microlensing Parallax Reveals Two Isolated Stars in the Galactic Bulge}",
	journal = {\apj},
	keywords = {Gravitational microlensing, Satellite microlensing parallax, Stellar masses, Stellar distance, 672, 2148, 1614, 1595, Astrophysics - Solar and Stellar Astrophysics},
	year = 2020,
	month = mar,
	volume = {891},
	number = {1},
	eid = {3},
	pages = {3},
	doi = {10.3847/1538-4357/ab6ff8},
	archivePrefix = {arXiv},
	eprint = {1904.11204},
	primaryClass = {astro-ph.SR},
	adsurl = {https://ui.adsabs.harvard.edu/abs/2020ApJ...891....3Z},
	adsnote = {Provided by the SAO/NASA Astrophysics Data System}
}

@ARTICLE{2020_5,
	author = {{Hirao}, Yuki and {Bennett}, David P. and {Ryu}, Yoon-Hyun and {Koshimoto}, Naoki and {Udalski}, Andrzej and {Yee}, Jennifer C. and {Sumi}, Takahiro and {Bond}, Ian A. and {Shvartzvald}, Yossi and {Abe}, Fumio and {Barry}, Richard K. and {Bhattacharya}, Aparna and {Donachie}, Martin and {Fukui}, Akihiko and {Itow}, Yoshitaka and {Kondo}, Iona and {Li}, Man Cheung Alex and {Matsubara}, Yutaka and {Matsuo}, Taro and {Miyazaki}, Shota and {Muraki}, Yasushi and {Nagakane}, Masayuki and {Ranc}, Cl{\'e}ment and {Rattenbury}, Nicholas J. and {Suematsu}, Haruno and {Shibai}, Hiroshi and {Suzuki}, Daisuke and {Tristram}, Paul J. and {Yonehara}, Atsunori and {MOA Collaboration} and {Skowron}, J. and {Poleski}, R. and {Mr{\'o}z}, P. and {Szyma{\'n}ski}, M.~K. and {Soszy{\'n}ski}, I. and {Koz{\l}owski}, S. and {Pietrukowicz}, P. and {Ulaczyk}, K. and {Rybicki}, K. and {Iwanek}, P. and {OGLE Collaboration} and {Albrow}, Michael D. and {Chung}, Sun-Ju and {Gould}, Andrew and {Han}, Cheongho and {Hwang}, Kyu-Ha and {Jung}, Youn Kil and {Shin}, In-Gu and {Zang}, Weicheng and {Cha}, Sang-Mok and {Kim}, Dong-Jin and {Kim}, Hyoun-Woo and {Kim}, Seung-Lee and {Lee}, Chung-Uk and {Lee}, Dong-Joo and {Lee}, Yongseok and {Park}, Byeong-Gon and {Pogge}, Richard W. and {KMTNet Collaboration} and {Beichman}, Charles A. and {Bryden}, Geoffery and {Novati}, Sebastiano Calchi and {Carey}, Sean and {Gaudi}, B. Scott and {Henderson}, Calen B. and {Zhu}, Wei and {Spitzer Team} and {Bachelet}, Etienne and {Bolt}, Greg and {Christie}, Grant and {Hundertmark}, Markus and {Natusch}, Tim and {Maoz}, Dan and {McCormick}, Jennie and {Street}, Rachel A. and {Tan}, Thiam-Guan and {Tsapras}, Yiannis and {LCO and {\ensuremath{\mu}}FUN Follow-up Teams} and {J{\o}rgensen}, U.~G. and {Dominik}, M. and {Bozza}, V. and {Skottfelt}, J. and {Snodgrass}, C. and {Ciceri}, S. and {Jaimes}, R. Figuera and {Evans}, D.~F. and {Peixinho}, N. and {Hinse}, T.~C. and {Burgdorf}, M.~J. and {Southworth}, J. and {Rahvar}, S. and \textbf{{Sajadian}}, \textbf{S.} and {Rabus}, M. and {von Essen}, C. and {Fujii}, Y.~I. and {Campbell-White}, J. and {Lowry}, S. and {Helling}, C. and {Mancini}, L. and {Haikala}, L. and {MindSTEp Collaboration} and {Kandori}, Ryo and {IRSF Team}},
	title = "{OGLE-2017-BLG-0406: Spitzer Microlens Parallax Reveals Saturn-mass Planet Orbiting M-dwarf Host in the Inner Galactic Disk}",
	journal = {\aj},
	keywords = {Gravitational microlensing, Gravitational microlensing exoplanet detection, 672, 2147, Astrophysics - Earth and Planetary Astrophysics, Astrophysics - Astrophysics of Galaxies, Astrophysics - Solar and Stellar Astrophysics},
	year = 2020,
	month = aug,
	volume = {160},
	number = {2},
	eid = {74},
	pages = {74},
	doi = {10.3847/1538-3881/ab9ac3},
	archivePrefix = {arXiv},
	eprint = {2004.09067},
	primaryClass = {astro-ph.EP},
	adsurl = {https://ui.adsabs.harvard.edu/abs/2020AJ....160...74H},
	adsnote = {Provided by the SAO/NASA Astrophysics Data System}
}

@ARTICLE{2020_6,
	author = {\textbf{{Sajadian}}, \textbf{Sedighe} and {Ignace}, Richard},
	title = "{Microlensing of radially pulsating stars}",
	journal = {\mnras},
	keywords = {gravitational lensing: micro, methods: numerical, pulsars: general, Astrophysics - Solar and Stellar Astrophysics},
	year = 2020,
	month = may,
	volume = {494},
	number = {2},
	pages = {1735-1743},
	doi = {10.1093/mnras/staa837},
	archivePrefix = {arXiv},
	eprint = {2003.10318},
	primaryClass = {astro-ph.SR},
	adsurl = {https://ui.adsabs.harvard.edu/abs/2020MNRAS.494.1735S},
	adsnote = {Provided by the SAO/NASA Astrophysics Data System}
}

@ARTICLE{2020_7,
	author = {{Hitchcock}, J.~A. and {Helling}, Ch and {Scholz}, A. and {Hodosan}, G. and {Dominik}, M. and {Hundertmark}, M. and {J{\o}rgensen}, U.~G. and {Longa-Pe{\~n}a}, P. and \textbf{{Sajadian}}, \textbf{S.} and {Skottfelt}, J. and {Snodgrass}, C. and {Bozza}, V. and {Burgdorf}, M.~J. and {Campbell-White}, J. and {Figuera Jaimes}, Roberto and {Fujii}, Y.~I. and {Haikala}, L.~K. and {Henning}, T. and {Hinse}, T.~C. and {Lowry}, S. and {Mancini}, L. and {Rahvar}, S. and {Rabus}, M. and {Southworth}, J. and {von Essen}, C. and {Mindstep Collaboration}},
	title = "{Large-scale changes of the cloud coverage in the Indi Ba and Bb system}",
	journal = {\mnras},
	keywords = {techniques: photometric, brown dwarfs, stars: individual: Indi Ba and Bb, Astrophysics - Solar and Stellar Astrophysics, Astrophysics - Earth and Planetary Astrophysics},
	year = 2020,
	month = jul,
	volume = {495},
	number = {4},
	pages = {3881-3899},
	doi = {10.1093/mnras/staa1344},
	archivePrefix = {arXiv},
	eprint = {2005.06906},
	primaryClass = {astro-ph.SR},
	adsurl = {https://ui.adsabs.harvard.edu/abs/2020MNRAS.495.3881H},
	adsnote = {Provided by the SAO/NASA Astrophysics Data System}
}

@ARTICLE{2020_8,
	author = {\textbf{{Sajadian}}, \textbf{Sedighe} and {Salehi}, Ali},
	title = "{Detecting the inner regions of discs around sources of microlensing with Roman Space Telescope}",
	journal = {\mnras},
	keywords = {gravitational lensing: micro, methods: numerical, space vehicles, circumstellar matter, Astrophysics - Solar and Stellar Astrophysics, Astrophysics - Earth and Planetary Astrophysics, Astrophysics - Astrophysics of Galaxies},
	year = 2020,
	month = oct,
	volume = {498},
	number = {1},
	pages = {1298-1307},
	doi = {10.1093/mnras/staa2377},
	archivePrefix = {arXiv},
	eprint = {2008.02847},
	primaryClass = {astro-ph.SR},
	adsurl = {https://ui.adsabs.harvard.edu/abs/2020MNRAS.498.1298S},
	adsnote = {Provided by the SAO/NASA Astrophysics Data System}
}

@ARTICLE{2020_9,
	author = {\textbf{{Sajadian}}, \textbf{Sedighe} and {Ignace}, Richard},
	title = "{Non-radially pulsating stars as microlensing sources}",
	journal = {\mnras},
	keywords = {gravitational lensing: micro, methods: numerical, stars: variables: general, Astrophysics - Solar and Stellar Astrophysics},
	year = 2020,
	month = oct,
	volume = {498},
	number = {1},
	pages = {223-234},
	doi = {10.1093/mnras/staa2429},
	archivePrefix = {arXiv},
	eprint = {2008.04171},
	primaryClass = {astro-ph.SR},
	adsurl = {https://ui.adsabs.harvard.edu/abs/2020MNRAS.498..223S},
	adsnote = {Provided by the SAO/NASA Astrophysics Data System}
}
@ARTICLE{2022_1,
	author = {\textbf{{Sajadian}}, \textbf{S.} and {J{\o}rgensen}, U.~G.},
	title = "{Variation of the stellar color in high-magnification and caustic-crossing microlensing events}",
	journal = {\aap},
	keywords = {gravitational lensing: micro, instrumentation: photometers, methods: numerical, planets and satellites: general, starspots, stars: early-type, Astrophysics - Earth and Planetary Astrophysics, Astrophysics - Astrophysics of Galaxies, Astrophysics - Instrumentation and Methods for Astrophysics, Astrophysics - Solar and Stellar Astrophysics},
	year = 2022,
	month = jan,
	volume = {657},
	eid = {A16},
	pages = {A16},
	doi = {10.1051/0004-6361/202141623},
	archivePrefix = {arXiv},
	eprint = {2109.14413},
	primaryClass = {astro-ph.EP},
	adsurl = {https://ui.adsabs.harvard.edu/abs/2022A&A...657A..16S},
	adsnote = {Provided by the SAO/NASA Astrophysics Data System}
}
@ARTICLE{2022_2,
	author = {\textbf{{Sajadian}}, \textbf{Sedighe} },
	title = "{Sensitivity to habitable planets in the Roman microlensing survey}",
	journal = {\mnras},
	keywords = {gravitational lensing: micro, methods: numerical, planets and satellites: detection, planets and satellites: terrestrial planets, Astrophysics - Earth and Planetary Astrophysics, Astrophysics - Astrophysics of Galaxies},
	year = 2021,
	month = dec,
	volume = {508},
	number = {4},
	pages = {5991-6000},
	doi = {10.1093/mnras/stab2942},
	archivePrefix = {arXiv},
	eprint = {2110.05751},
	primaryClass = {astro-ph.EP},
	adsurl = {https://ui.adsabs.harvard.edu/abs/2021MNRAS.508.5991S},
	adsnote = {Provided by the SAO/NASA Astrophysics Data System}
}
@ARTICLE{2022_3,
	author = {{Sahu}, Kailash C. and {Anderson}, Jay and {Casertano}, Stefano and {Bond}, Howard E. and {Udalski}, Andrzej and {Dominik}, Martin and {Calamida}, Annalisa and {Bellini}, Andrea and {Brown}, Thomas M. and {Rejkuba}, Marina and {Bajaj}, Varun and {Kains}, No{\'e} and {Ferguson}, Henry C. and {Fryer}, Chris L. and {Yock}, Philip and {Mr{\'o}z}, Przemek and {Koz{\l}owski}, Szymon and {Pietrukowicz}, Pawe{\l} and {Poleski}, Radek and {Skowron}, Jan and {Soszy{\'n}ski}, Igor and {Szyma{\'n}ski}, Micha{\l} K. and {Ulaczyk}, Krzysztof and {Wyrzykowski}, {\L}ukasz and {Barry}, Richard K. and {Bennett}, David P. and {Bond}, Ian A. and {Hirao}, Yuki and {Silva}, Stela Ishitani and {Kondo}, Iona and {Koshimoto}, Naoki and {Ranc}, Cl{\'e}ment and {Rattenbury}, Nicholas J. and {Sumi}, Takahiro and {Suzuki}, Daisuke and {Tristram}, Paul J. and {Vandorou}, Aikaterini and {Beaulieu}, Jean-Philippe and {Marquette}, Jean-Baptiste and {Cole}, Andrew and {Fouqu{\'e}}, Pascal and {Hill}, Kym and {Dieters}, Stefan and {Coutures}, Christian and {Dominis-Prester}, Dijana and {Bennett}, Clara and {Bachelet}, Etienne and {Menzies}, John and {Albrow}, Michael and {Pollard}, Karen and {Gould}, Andrew and {Yee}, Jennifer C. and {Allen}, William and {Almeida}, Leonardo A. and {Christie}, Grant and {Drummond}, John and {Gal-Yam}, Avishay and {Gorbikov}, Evgeny and {Jablonski}, Francisco and {Lee}, Chung-Uk and {Maoz}, Dan and {Manulis}, Ilan and {McCormick}, Jennie and {Natusch}, Tim and {Pogge}, Richard W. and {Shvartzvald}, Yossi and {J{\o}rgensen}, Uffe G. and {Alsubai}, Khalid A. and {Andersen}, Michael I. and {Bozza}, Valerio and {Novati}, Sebastiano Calchi and {Burgdorf}, Martin and {Hinse}, Tobias C. and {Hundertmark}, Markus and {Husser}, Tim-Oliver and {Kerins}, Eamonn and {Longa-Pe{\~n}a}, Penelope and {Mancini}, Luigi and {Penny}, Matthew and {Rahvar}, Sohrab and {Ricci}, Davide and \textbf{{Sajadian}}, \textbf{Sedighe} and {Skottfelt}, Jesper and {Snodgrass}, Colin and {Southworth}, John and {Tregloan-Reed}, Jeremy and {Wambsganss}, Joachim and {Wertz}, Olivier and {Tsapras}, Yiannis and {Street}, Rachel A. and {Bramich}, D.~M. and {Horne}, Keith and {Steele}, Iain A. and {RoboNet Collaboration}},
	title = "{An Isolated Stellar-mass Black Hole Detected through Astrometric Microlensing}",
	journal = {\apj},
	keywords = {Black holes, Gravitational microlensing, 162, 672, Astrophysics - Solar and Stellar Astrophysics, Astrophysics - Astrophysics of Galaxies, Astrophysics - High Energy Astrophysical Phenomena},
	year = 2022,
	month = jul,
	volume = {933},
	number = {1},
	eid = {83},
	pages = {83},
	doi = {10.3847/1538-4357/ac739e},
	archivePrefix = {arXiv},
	eprint = {2201.13296},
	primaryClass = {astro-ph.SR},
	adsurl = {https://ui.adsabs.harvard.edu/abs/2022ApJ...933...83S},
	adsnote = {Provided by the SAO/NASA Astrophysics Data System}
}
@ARTICLE{2022_4,
	author = {{Herald}, A. and {Udalski}, A. and {Bozza}, V. and {Rota}, P. and {Bond}, I.~A. and {Yee}, J.~C. and \textbf{{Sajadian}}, \textbf{S.} and {Mr{\'o}z}, P. and {Poleski}, R. and {Skowron}, J. and {Szyma{\'n}ski}, M.~K. and {Soszy{\'n}ski}, I. and {Pietrukowicz}, P. and {Koz{\l}owski}, S. and {Ulaczyk}, K. and {Rybicki}, K.~A. and {Iwanek}, P. and {Wrona}, M. and {Gromadzki}, M. and {Ogle Collaboration} and {Abe}, F. and {Barry}, R. and {Bennett}, D.~P. and {Bhattacharya}, A. and {Fukui}, A. and {Fujii}, H. and {Hirao}, Y. and {Itow}, Y. and {Kirikawa}, R. and {Kondo}, I. and {Koshimoto}, N. and {Matsubara}, Y. and {Matsumoto}, S. and {Miyazaki}, S. and {Muraki}, Y. and {Olmschenk}, G. and {Ranc}, C. and {Okamura}, A. and {Rattenbury}, N.~J. and {Satoh}, Y. and {Sumi}, T. and {Suzuki}, D. and {Silva}, S. Ishitani and {Toda}, T. and {Tristram}, P.~J. and {Vandorou}, A. and {Yama}, H. and {Moa Collaboration} and {Beichman}, C.~A. and {Bryden}, G. and {Novati}, S. Calchi and {Carey}, S. and {Gaudi}, B.~S. and {Gould}, A. and {Henderson}, C.~B. and {Johnson}, S. and {Shvartzvald}, Y. and {Zhu}, W. and {Spitzer Team} and {Dominik}, M. and {Hundertmark}, M. and {J{\o}rgensen}, U.~G. and {Longa-Pe{\~n}a}, P. and {Skottfelt}, J. and {Tregloan-Reed}, J. and {Bach-M{\o}ller}, N. and {Burgdorf}, M. and {DAgo}, G. and {Haikala}, L. and {Hitchcock}, J. and {Khalouei}, E. and {Peixinho}, N. and {Rahvar}, S. and {Snodgrass}, C. and {Southworth}, J. and {Spyratos}, P. and {Mindstep Consortium} and {Zang}, W. and {Yang}, H. and {Mao}, S. and {Bachelet}, E. and {Maoz}, D. and {Street}, R.~A. and {Tsapras}, Y. and {Christie}, G.~W. and {Cooper}, T. and {de Almeida}, L. and {Do Nascimento}, J. -D. and {Green}, J. and {Han}, C. and {Hennerley}, S. and {Marmont}, A. and {McCormick}, J. and {Monard}, L.~A.~G. and {Natusch}, T. and {Pogge}, R.},
	title = "{Precision measurement of a brown dwarf mass in a binary system in the microlensing event. OGLE-2019-BLG-0033/MOA-2019-BLG-035}",
	journal = {\aap},
	keywords = {gravitational lensing: micro, binaries: general, brown dwarfs, stars: low-mass, Astrophysics - Solar and Stellar Astrophysics, Astrophysics - Earth and Planetary Astrophysics, Astrophysics - Astrophysics of Galaxies},
	year = 2022,
	month = jul,
	volume = {663},
	eid = {A100},
	pages = {A100},
	doi = {10.1051/0004-6361/202243490},
	archivePrefix = {arXiv},
	eprint = {2203.04034},
	primaryClass = {astro-ph.SR},
	adsurl = {https://ui.adsabs.harvard.edu/abs/2022A&A...663A.100H},
	adsnote = {Provided by the SAO/NASA Astrophysics Data System}
}
@ARTICLE{2022_5,
	author = {{Fatheddin}, Hossein and  \textbf{{Sajadian}}, \textbf{Sedighe}},
	title = "{Improved Aberth-Ehrlich root-finding algorithm and its further application for binary microlensing}",
	journal = {\mnras},
	keywords = {gravitational lensing: micro, methods: numerical, Astrophysics - Instrumentation and Methods for Astrophysics},
	year = 2022,
	month = aug,
	volume = {514},
	number = {3},
	pages = {4379-4384},
	doi = {10.1093/mnras/stac1565},
	archivePrefix = {arXiv},
	eprint = {2206.00482},
	primaryClass = {astro-ph.IM},
	adsurl = {https://ui.adsabs.harvard.edu/abs/2022MNRAS.514.4379F},
	adsnote = {Provided by the SAO/NASA Astrophysics Data System}
}
@ARTICLE{2022_6,
	author = {\textbf{{Sajadian}}, \textbf{Sedighe} and {Rahvar}, Sohrab and {Kazemian}, Fatemeh},
	title = "{Mass-Velocity Dispersion Relation by Using the Gaia Data and Its Effect on Interpreting Short-duration and Degenerate Microlensing Events}",
	journal = {\aj},
	keywords = {Gravitational microlensing exoplanet detection, Stellar types, Gravitational microlensing, 2147, 1634, 672, Astrophysics - Solar and Stellar Astrophysics, Astrophysics - Earth and Planetary Astrophysics},
	year = 2022,
	month = sep,
	volume = {164},
	number = {3},
	eid = {112},
	pages = {112},
	doi = {10.3847/1538-3881/ac82e9},
	archivePrefix = {arXiv},
	eprint = {2103.10593},
	primaryClass = {astro-ph.SR},
	adsurl = {https://ui.adsabs.harvard.edu/abs/2022AJ....164..112S},
	adsnote = {Provided by the SAO/NASA Astrophysics Data System}
}
@ARTICLE{2022_7,
	author = {{Ro{\.z}ek}, Agata and {Lowry}, Stephen C. and {Rozitis}, Benjamin and {Dover}, Lord R. and {Taylor}, Patrick A. and {Virkki}, Anne and {Green}, Simon F. and {Snodgrass}, Colin and {Fitzsimmons}, Alan and {Campbell-White}, Justyn and \textbf{{Sajadian}}, \textbf{Sedighe} and {Bozza}, Valerio and {Burgdorf}, Martin J. and {Dominik}, Martin and {Figuera Jaimes}, R. and {Hinse}, Tobias C. and {Hundertmark}, Markus and {J{\o}rgensen}, Uffe G. and {Longa-Pe{\~n}a}, Pen{\'e}lope and {Rabus}, Markus and {Rahvar}, Sohrab and {Skottfelt}, Jesper and {Southworth}, John},
	title = "{Physical properties of near-Earth asteroid (2102) Tantalus from multiwavelength observations}",
	journal = {\mnras},
	keywords = {techniques: photometric, techniques: radar astronomy, minor planets, asteroids: individual: (2102) Tantalus, methods: observational, Astrophysics - Earth and Planetary Astrophysics},
	year = 2022,
	month = sep,
	volume = {515},
	number = {3},
	pages = {4551-4564},
	doi = {10.1093/mnras/stac1835},
	archivePrefix = {arXiv},
	eprint = {2206.14306},
	primaryClass = {astro-ph.EP},
	adsurl = {https://ui.adsabs.harvard.edu/abs/2022MNRAS.515.4551R},
	adsnote = {Provided by the SAO/NASA Astrophysics Data System}
}
@ARTICLE{2022_8,
	author = {{Southworth}, John and {Barker}, A.~J. and {Hinse}, T.~C. and {Jongen}, Y. and {Dominik}, M. and {J{\o}rgensen}, U.~G. and {Longa-Pe{\~n}a}, P. and \textbf{{Sajadian}}, \textbf{S.} and {Snodgrass}, C. and {Tregloan-Reed}, J. and {Bach-M{\o}ller}, N. and {Bonavita}, M. and {Bozza}, V. and {Burgdorf}, M.~J. and {Figuera Jaimes}, R. and {Helling}, Ch and {Hitchcock}, J.~A. and {Hundertmark}, M. and {Khalouei}, E. and {Korhonen}, H. and {Mancini}, L. and {Peixinho}, N. and {Rahvar}, S. and {Rabus}, M. and {Skottfelt}, J. and {Spyratos}, P.},
	title = "{A search for transit timing variations in the HATS-18 planetary system}",
	journal = {\mnras},
	keywords = {stars: fundamental parameters, stars: individual: HATS-18, planetary systems, Astrophysics - Earth and Planetary Astrophysics, Astrophysics - Solar and Stellar Astrophysics},
	year = 2022,
	month = sep,
	volume = {515},
	number = {3},
	pages = {3212-3223},
	doi = {10.1093/mnras/stac1931},
	archivePrefix = {arXiv},
	eprint = {2207.05873},
	primaryClass = {astro-ph.EP},
	adsurl = {https://ui.adsabs.harvard.edu/abs/2022MNRAS.515.3212S},
	adsnote = {Provided by the SAO/NASA Astrophysics Data System}
}
@ARTICLE{2022_9,
	author = {{Southworth}, John and {Mancini}, L. and {Dominik}, M. and {J{\o}rgensen}, U.~G. and {Bozza}, V. and {Burgdorf}, M.~J. and {Figuera Jaimes}, R. and {Haikala}, L.~K. and {Henning}, Th. and {Hinse}, T.~C. and {Hundertmark}, M. and {Longa-Pe{\~n}a}, P. and {Rabus}, M. and {Rahvar}, S. and \textbf{{Sajadian}}, \textbf{S.} and {Skottfelt}, J. and {Snodgrass}, C.},
	title = "{VLT, GROND and Danish Telescope observations of transits in the TRAPPIST-1 system}",
	journal = {arXiv e-prints},
	keywords = {Astrophysics - Earth and Planetary Astrophysics},
	year = 2022,
	month = jul,
	eid = {arXiv:2207.05874},
	pages = {arXiv:2207.05874},
	archivePrefix = {arXiv},
	eprint = {2207.05874},
	primaryClass = {astro-ph.EP},
	adsurl = {https://ui.adsabs.harvard.edu/abs/2022arXiv220705874S},
	adsnote = {Provided by the SAO/NASA Astrophysics Data System}
}
@ARTICLE{2022_10,
       author = {{Fatheddin}, Hossein and \textbf{{Sajadian}}, \textbf{Sedighe}},
        title = "{A Statistical Relation between Mass, Age and Velocity Dispersion in the Solar Neighborhood}",
      journal = {arXiv e-prints},
     keywords = {Astrophysics - Astrophysics of Galaxies, Astrophysics - Solar and Stellar Astrophysics},
         year = 2022,
        month = dec,
          eid = {arXiv:2212.13349},
        pages = {arXiv:2212.13349},
archivePrefix = {arXiv},
       eprint = {2212.13349},
 primaryClass = {astro-ph.GA},
       adsurl = {https://ui.adsabs.harvard.edu/abs/2022arXiv221213349F},
      adsnote = {Provided by the SAO/NASA Astrophysics Data System}
}


%%%%%%%%%%%%%%%%%%%%%%%%%%%%%%%%%%%%%%%%%%%
@ARTICLE{2021_1,
	author = {{Khalouei}, Elahe and \textbf{{Sajadian}}, \textbf{Sedighe} and {Rahvar}, Sohrab},
	title = "{Measuring stellar atmosphere parameters using follow-up polarimetric microlensing observations}",
	journal = {\mnras},
	keywords = {gravitational lensing: micro, methods: numerical, techniques: polarimetric, stars: atmospheres, Astrophysics - Solar and Stellar Astrophysics},
	year = 2021,
	month = mar,
	volume = {501},
	number = {3},
	pages = {3203-3214},
	doi = {10.1093/mnras/staa3492},
	archivePrefix = {arXiv},
	eprint = {2011.03642},
	primaryClass = {astro-ph.SR},
	adsurl = {https://ui.adsabs.harvard.edu/abs/2021MNRAS.501.3203K},
	adsnote = {Provided by the SAO/NASA Astrophysics Data System}
}
@ARTICLE{2021_2,
	author = {\textbf{{Sajadian}}, \textbf{Sedighe} and {Rishidi}, Mahshad},
	title = "{Perturbation effect of stellar spots on light curves of gravitational microlensing}",
	journal = {\ijpr},
	keywords = {Gravitational microlensing, stellar spots, numerical investigation},
	year = 2021,
	month = Aug,
	volume = {21},
	number = {2},
	eid = {293},
	pages = {293},
	doi = {10.47176/ijpr.21.2.91118},
	adsurl = {https://ijpr.iut.ac.ir/article_1695.html},
}
@ARTICLE{2021_3,
	author = {{Sangtarash}, Parisa and \textbf{{Sajadian}}, \textbf{Sedighe}},
	title = "{Limb-darkening effect of source stars in gravitational microlensing observations in different filters}",
	journal = {\ijpr},
	keywords = {gravitational microlensing, limb-darkening effect, stellar atmosphere},
	year = 2020,
	month = Jan,
	volume = {20},
	number = {3},
	eid = {495},
	pages = {495},
	doi = {10.47176/ijpr.20.3.71096},
	adsurl = {https://ijpr.iut.ac.ir/article_1642.html},
}
@ARTICLE{2021_4,
	author = {{Kelley}, Michael S.~P. and {Farnham}, Tony L. and {Li}, Jian-Yang and {Bodewits}, Dennis and {Snodgrass}, Colin and {Allen}, Johannes and {Bellm}, Eric C. and {Coughlin}, Michael W. and {Drake}, Andrew J. and {Duev}, Dmitry A. and {Graham}, Matthew J. and {Kupfer}, Thomas and {Masci}, Frank J. and {Reiley}, Dan and {Walters}, Richard and {Dominik}, M. and {J{\o}rgensen}, U.~G. and {Andrews}, A.~E. and {Bach-M{\o}ller}, N. and {Bozza}, V. and {Burgdorf}, M.~J. and {Campbell-White}, J. and {Dib}, S. and {Fujii}, Y.~I. and {Hinse}, T.~C. and {Hundertmark}, M. and {Khalouei}, E. and {Longa-Pe{\~n}a}, P. and {Rabus}, M. and {Rahvar}, S. and \textbf{{Sajadian}}, \textbf{S.} and {Skottfelt}, J. and {Southworth}, J. and {Tregloan-Reed}, J. and {Unda-Sanzana}, E. and {Mindstep Collaboration}},
	title = "{Six Outbursts of Comet 46P/Wirtanen}",
	journal = {\psj},
	keywords = {Comets, Short period comets, Broad band photometry, Coma dust, 280, 1452, 184, 2159},
	year = 2021,
	month = aug,
	volume = {2},
	number = {4},
	eid = {131},
	pages = {131},
	doi = {10.3847/PSJ/abfe11},
	adsurl = {https://ui.adsabs.harvard.edu/abs/2021PSJ.....2..131K},
	adsnote = {Provided by the SAO/NASA Astrophysics Data System}
}
@ARTICLE{2021_5,
	author = {\textbf{{Sajadian}}, \textbf{Sedighe}},
	title = "{On the detection of free-floating planets through microlensing towards the Magellanic Clouds}",
	journal = {\mnras},
	keywords = {gravitational lensing: micro, planets and satellities: detection, Magellanic Clouds, Astrophysics - Earth and Planetary Astrophysics, Astrophysics - Astrophysics of Galaxies, Astrophysics - Instrumentation and Methods for Astrophysics},
	year = 2021,
	month = sep,
	volume = {506},
	number = {3},
	pages = {3615-3628},
	doi = {10.1093/mnras/stab1907},
	archivePrefix = {arXiv},
	eprint = {2107.02954},
	primaryClass = {astro-ph.EP},
	adsurl = {https://ui.adsabs.harvard.edu/abs/2021MNRAS.506.3615S},
	adsnote = {Provided by the SAO/NASA Astrophysics Data System}
}
@ARTICLE{2021_6,
	author = {{Kondo}, Iona and {Yee}, Jennifer C. and {Bennett}, David P. and {Sumi}, Takahiro and {Koshimoto}, Naoki and {Bond}, Ian A. and {Gould}, Andrew and {Udalski}, Andrzej and {Shvartzvald}, Yossi and {Jung}, Youn Kil and {Zang}, Weicheng and {Bozza}, Valerio and {Bachelet}, Etienne and {Hundertmark}, Markus P.~G. and {Rattenbury}, Nicholas J. and {Abe}, F. and {Barry}, R. and {Bhattacharya}, A. and {Donachie}, M. and {Fukui}, A. and {Fujii}, H. and {Hirao}, Y. and {Silva}, S. Ishitani and {Itow}, Y. and {Kirikawa}, R. and {Li}, M.~C.~A. and {Matsubara}, Y. and {Miyazaki}, S. and {Muraki}, Y. and {Olmschenk}, G. and {Ranc}, C. and {Satoh}, Y. and {Shoji}, H. and {Suzuki}, D. and {Tanaka}, Y. and {Tristram}, P.~J. and {Yamawaki}, T. and {Yonehara}, A. and {Mr{\'o}z}, P. and {Poleski}, R. and {Skowron}, J. and {Szyma{\'n}ski}, M.~K. and {Soszy{\'n}ski}, I. and {Koz{\l}owski}, S. and {Pietrukowicz}, P. and {Ulaczyk}, K. and {Rybicki}, K.~A. and {Iwanek}, P. and {Wrona}, M. and {Albrow}, M.~D. and {Chung}, S. -J. and {Han}, C. and {Hwang}, K. -H. and {Kim}, H. -W. and {Shin}, I. -G. and {Cha}, S. -M. and {Kim}, D. -J. and {Kim}, S. -L. and {Lee}, C. -U. and {Lee}, D. -J. and {Lee}, Y. and {Park}, B. -G. and {Pogge}, R.~W. and {Ryu}, Y. -H. and {Beichman}, C.~A. and {Bryden}, G. and {Novati}, S. Calchi and {Carey}, S. and {Gaudi}, B.~S. and {Henderson}, C.~B. and {Zhu}, W. and {Maoz}, D. and {Penny}, M.~T. and {Dominik}, M. and {J{\o}rgensen}, U.~G. and {Longa-Pe{\~n}a}, P. and {Peixinho}, N. and \textbf{{Sajadian}}, \textbf{S.} and {Skottfelt}, J. and {Snodgrass}, C. and {Tregloan-Reed}, J. and {Burgdorf}, M.~J. and {Campbell-White}, J. and {Dib}, S. and {Fujii}, Y.~I. and {Hinse}, T.~C. and {Khalouei}, E. and {Rahvar}, S. and {Rabus}, M. and {Southworth}, J. and {Tsapras}, Y. and {Street}, R.~A. and {Bramich}, D.~M. and {Cassan}, A. and {Horne}, K. and {Wambsganss}, J. and {Mao}, S. and {Saha}, A. and {ROME/REA Project Team}},
	title = "{OGLE-2018-BLG-1185b: A Low-mass Microlensing Planet Orbiting a Low-mass Dwarf}",
	journal = {\aj},
	keywords = {Gravitational microlensing, Gravitational microlensing exoplanet detection, Satellite microlensing parallax, 672, 2147, 2148, Astrophysics - Earth and Planetary Astrophysics},
	year = 2021,
	month = aug,
	volume = {162},
	number = {2},
	eid = {77},
	pages = {77},
	doi = {10.3847/1538-3881/ac00ba},
	archivePrefix = {arXiv},
	eprint = {2104.02157},
	primaryClass = {astro-ph.EP},
	adsurl = {https://ui.adsabs.harvard.edu/abs/2021AJ....162...77K},
	adsnote = {Provided by the SAO/NASA Astrophysics Data System}
}
@ARTICLE{2021_7,
	author = {\textbf{{Sajadian}}, \textbf{Sedighe} and {Ignace}, Richard and {Neilson}, Hilding},
	title = "{Identifying low-amplitude pulsating stars through microlensing observations}",
	journal = {\mnras},
	keywords = {gravitational lensing: micro, methods: numerical, stars: oscillations, Astrophysics - Solar and Stellar Astrophysics},
	year = 2021,
	month = nov,
	volume = {507},
	number = {4},
	pages = {5177-5186},
	doi = {10.1093/mnras/stab2410},
	archivePrefix = {arXiv},
	eprint = {2108.08650},
	primaryClass = {astro-ph.SR},
	adsurl = {https://ui.adsabs.harvard.edu/abs/2021MNRAS.507.5177S},
	adsnote = {Provided by the SAO/NASA Astrophysics Data System}
}
